@article{nakamura2015real,
  title={Real-time audio-to-score alignment of music performances containing errors and arbitrary repeats and skips},
  author={Nakamura, Tomohiko and Nakamura, Eita and Sagayama, Shigeki},
  year={2015},
  publisher={IEEE}
}

@article{graves2005framewise,
  title={Framewise phoneme classification with bidirectional LSTM and other neural network architectures},
  author={Graves, Alex and Schmidhuber, J{\"u}rgen},
  journal={Neural Networks},
  volume={18},
  number={5},
  pages={602--610},
  year={2005},
  publisher={Elsevier}
}

@inproceedings{dannenberg1993results,
  title={Results from the piano tutor project},
  author={Dannenberg, Roger B and Sanchez, Marta and Joseph, Annabelle and Joseph, Robert and Saul, Ronald and Capell, Peter},
  booktitle={Proceedings of the Fourth Biennial Arts and Technology Symposium},
  pages={143--150},
  year={1993}
}

@article{rabiner1989tutorial,
  title={A tutorial on hidden Markov models and selected applications in speech recognition},
  author={Rabiner, Lawrence R},
  journal={Proceedings of the IEEE},
  volume={77},
  number={2},
  pages={257--286},
  year={1989},
  publisher={IEEE}
}

@inproceedings{cylwik2009euronounce,
  title={The EURONOUNCE corpus of non-native Polish for ASR-based pronunciation tutoring system.},
  author={Cylwik, Natalia and Wagner, Agnieszka and Demenko, Grazyna},
  booktitle={SLaTE},
  pages={85--88},
  year={2009}
}

@article{neri2008effectiveness,
  title={The effectiveness of computer assisted pronunciation training for foreign language learning by children},
  author={Neri, Ambra and Mich, Ornella and Gerosa, Matteo and Giuliani, Diego},
  journal={Computer Assisted Language Learning},
  volume={21},
  number={5},
  pages={393--408},
  year={2008},
  publisher={Taylor \& Francis}
}

@article{garofolo1993darpa,
  title={DARPA TIMIT acoustic-phonetic continous speech corpus CD-ROM. NIST speech disc 1-1.1},
  author={Garofolo, John S and Lamel, Lori F and Fisher, William M and Fiscus, Jonathan G and Pallett, David S},
  journal={NASA STI/Recon Technical Report N},
  volume={93},
  year={1993}
}

@misc{karpathy2015unreasonable,
  title={The unreasonable effectiveness of recurrent neural networks},
  author={Karpathy, Andrej},
  year={2015}
}

@misc{yousician,
  title = {Yousiciain},
  howpublished = {\url{http://get.yousician.com}},
  note = {Accessed: 2016-05-06}
}

@misc{englishlearning,
  title = {English Learning},
  howpublished = {\url{http://www.englishlearning.com}},
  note = {Accessed: 2016-05-06}
}

@misc{mididb,
  title = {MIDI db},
  howpublished = {\url{http://mididb.com}},
  note = {Accessed: 2016-05-06}
}

@misc{midi,
  title = {The MIDI file format},
  howpublished = {\url{https://www.csie.ntu.edu.tw/~r92092/ref/midi/}},
  note = {Accessed: 2016-05-06}
}

@article{emiya2010maps,
  title={MAPS-A piano database for multipitch estimation and automatic transcription of music},
  author={Emiya, Valentin and Bertin, Nancy and David, Bertrand and Badeau, Roland},
  year={2010}
}